%% LaTeX2e file `rp.bib'
%% generated by the `filecontents' environment
%% from source `report' on 2021/05/04.
%%
 @inproceedings{inproceedings,
  author = {Bondi, Andr√©},
  year = {2000},
  month = {01},
  pages = {195-203},
  title = {Characteristics of Scalability and Their Impact on Performance},
  journal = {Proceedings Second International Workshop on Software and Performance WOSP 2000},
  doi = {10.1145/350391.350432}
 }
