%% LaTeX2e file `mybib.bib'
%% generated by the `filecontents' environment
%% from source `project-proposal' on 2021/02/17.
%%
 @misc{
  PWA,
  author = {{Sam Richard, Pete LePage}},
  year = {2020},
  title = {{Progressive Web App}},
  note= {\url{https://web.dev/what-are-pwas/}}
 }
 @protocol{
  openid,
  title = {{OpenId Connect}},
  year = {2007},
  author = {{Brad Fitzpatrick}},
  note = {\url{https://openid.net/}}
 }
