%% LaTeX2e file `pp.bib'
%% generated by the `filecontents' environment
%% from source `project-proposal' on 2021/04/12.
%%
 @protocol{
  openid,
  title = {{OpenId Connect}},
  year = {2007},
  author = {{Fitzpatrick, Brad}},
  note = {\url{https://openid.net/}}
 },
 @online{todoist,
  author = {{Doist}},
  title = {{Todoist}},
  note = {\url{https://todoist.com/}}
 },
 @article{
  neural-net,
  title = {{Neural Networks}},
  author = {{Gurney, Kevin}},
  year = {1997},
  note = {\url{http://www.macs.hw.ac.uk/~yjc32/project/ref-NN/Gurney_et_al.pdf}}
 },
 @online{google-calendar,
  title = {Google Calendar},
  url = {https://calendar.google.com/},
  OPTorganization = {Google},
 },
 @online{dataset,
  title = {The IAM-database: An English Sentence Database for Off-line Handwriting Recognition},
  note = {\url{https://fki.tic.heia-fr.ch/databases/iam-handwriting-database}},
  author = {{U. Marti, H. Bunke}}
 },
 @online{rest,
  title = {REST},
  note = {\url{https://www.ics.uci.edu/~fielding/pubs/dissertation/rest_arch_style.htm}},
  author = {{Fielding, Roy Thomas}},
  year = {2000}
 }
 
